@article{drepper2007every,
  title={What every programmer should know about memory},
  author={Drepper, Ulrich},
  journal={Red Hat, Inc},
  volume={11},
  year={2007}
}

@book{inteloptimize,
    author        = {{Intel Corporation}},
    title         = {{Intel\textsuperscript{\textregistered} 64 and IA-32 Architectures Optimization Reference Manual}},
    year          = {2014},
    month         = {March},
    number        = {248966-029},
}

@article{aggarwal1988input,
  title={The input/output complexity of sorting and related problems},
  author={Aggarwal, Alok and Vitter, Jeffrey and others},
  journal={Communications of the ACM},
  volume={31},
  number={9},
  pages={1116--1127},
  year={1988},
  publisher={ACM}
}

@inproceedings{frigo1999cache,
  title={Cache-oblivious algorithms},
  author={Frigo, Matteo and Leiserson, Charles E and Prokop, Harald and Ramachandran, Sridhar},
  booktitle={Foundations of Computer Science, 1999. 40th Annual Symposium on},
  pages={285--297},
  year={1999},
  organization={IEEE}
}

@phdthesis{prokop1999cache,
  title={Cache-oblivious algorithms},
  author={Prokop, Harald},
  year={1999},
  school={Massachusetts Institute of Technology}
}