@InProceedings{FrigoLePr99,
address = {New York, New York},
author  = {Matteo Frigo and Charles E. Leiserson and Harald Prokop and Sridhar Ramachandran},
booktitle   = {40th Annual Symposium on Foundations of Computer Science},
month    = oct # { 17--19},
pages    = {285--297},
title    = {Cache-Oblivious Algorithms},
year     = {1999}
}

@MastersThesis{Prokop99,
author  = {Harald Prokop},
month    = jun,
school  = {Department of Electrical Engineering and Computer Science, Massachusetts Institute of Technology},
title    = {Cache-Oblivious Algorithms},
year     = {1999}
}

@InCollection{Demaine02,
  AUTHOR        = {Erik D. Demaine},
  TITLE         = {Cache-Oblivious Algorithms and Data Structures},
  BOOKTITLE     = {Lecture Notes from the EEF Summer School on Massive Data Sets},
  BOOKURL       = {http://www.brics.dk/MassiveData02/},
  ADDRESS       = {BRICS, University of Aarhus, Denmark},
  MONTH         = {June 27--July 1},
  YEAR          = 2002,

  length        = {29 pages}
}
@article{AggVitt88,
 author = {Aggarwal, Alok and Vitter, Jeffrey,S.},
 title = {The Input/Output Complexity of Sorting and Related Problems},
 journal = {Commun. ACM},
 issue_date = {Sept. 1988},
 volume = {31},
 number = {9},
 month = sep,
 year = {1988},
 issn = {0001-0782},
 pages = {1116--1127},
 numpages = {12},
 url = {http://doi.acm.org/10.1145/48529.48535},
 doi = {10.1145/48529.48535},
 acmid = {48535},
 publisher = {ACM},
 address = {New York, NY, USA},
} 